@misc{albout, title={The J-K Flip-Flop}, url={https://www.allaboutcircuits.com/textbook/digital/chpt-10/j-k-flip-flop/}, journal={All About Circuits}} 

@misc{hyperphysics, title={J-K Flip-Flop}, url={http://hyperphysics.phy-astr.gsu.edu/hbase/Electronic/jkflipflop.html#c1}, journal={Total Internal Reflection}} 

@misc {ganesan, title={Design of JK Flip-Flop using MODFET Technology}, journal={Design of JK Flip-Flop using MODFET Technology}, institution={RJIT}, author={Ganesan, V}} 

@misc {Digitalintcirc,  title = {untitled - Ακολουθιακά κυκλώματα MOS.pdf},  date = {2011-04-06},  url = {http://www.icsd.aegean.gr/lecturers/nkonofao/.pdf},  urldate = {2018-12-16}}

@book{weste_harris_2011, 
place={Boston}, title={CMOS VLSI design: a circuits and systems perspective}, publisher={Addison-Wesley}, author={Weste, Neil H. E. and Harris, David Money.}, year={2011}}

@INPROCEEDINGS{doubedge,
author={Y. Dai and J. Shen},
booktitle={2009 International Conference on Wireless Communications Signal Processing},
title={An explicit-pulsed double-edge triggered JK flip-flop},
year={2009},
volume={},
number={},
pages={1-4},
keywords={CMOS logic circuits;flip-flops;SPICE;trigger circuits;double-edge triggered JK flip-flop;explicit-pulsed triggered JK flip-flop;HSPICE simulation;PDP;power-delay product;power consumption;CMOS technology;microprocessors;size 0.18 mum;Flip-flops;Clocks;Pulse amplifiers;Energy consumption;Master-slave;Microprocessors;Power dissipation;Pulse generation;Delay effects;Very large scale integration;flip-flop;double-edge triggered;pulse-triggered;low power},
doi={10.1109/WCSP.2009.5371580},
ISSN={},
month={Nov},}