@book{weste_harris_2011, 
place={Boston}, title={CMOS VLSI design: a circuits and systems perspective}, publisher={Addison-Wesley}, author={Weste, Neil H. E. and Harris, David Money.}, year={2011}}

@misc{HowToParameterizeWidths, 
howpublished = "\url{http://www-scf.usc.edu/~ee577/cadence_tutorial4.html}", journal={Harriet Tubman}}